<collection xmlns="http://www.loc.gov/MARC21/slim">
  <record>
    <leader>12345nam a2200397Ia 4500</leader>
    <controlfield tag="001">003101068</controlfield>
    <controlfield tag="005">20140925115651.0</controlfield>
    <controlfield tag="008">120529s190u    pau           000 0 eng d</controlfield>
    <datafield ind1=" " ind2=" " tag="035">
      <subfield code="a">(OCoLC)794412907</subfield>
    </datafield>
    <datafield ind1=" " ind2=" " tag="040">
      <subfield code="a">AJ#</subfield>
      <subfield code="c">AJ#</subfield>
      <subfield code="d">UtOrBLW</subfield>
    </datafield>
    <datafield ind1=" " ind2=" " tag="049">
      <subfield code="a">AJ#A</subfield>
    </datafield>
    <datafield ind1="1" ind2=" " tag="100">
      <subfield code="a">White, John T. S.</subfield>
    </datafield>
    <datafield ind1="1" ind2="4" tag="245">
      <subfield code="a">The life and prophecies of Hosea /</subfield>
      <subfield code="c">by John T.S. White.</subfield>
    </datafield>
    <datafield ind1="1" ind2="4" tag="246">
      <subfield code="a">Life and times of Hosea</subfield>
    </datafield>
    <datafield ind1=" " ind2="3" tag="264">
      <subfield code="a">Philadelphia :</subfield>
      <subfield code="b">A.M.E. Book Concern.</subfield>
    </datafield>
    <datafield ind1=" " ind2="1" tag="264">
      <subfield code="a">[Philadelphia?] :</subfield>
      <subfield code="b">H.T. Kealing,</subfield>
      <subfield code="c">[190-?]</subfield>
    </datafield>
    <datafield ind1=" " ind2=" " tag="300">
      <subfield code="a">58 pages ;</subfield>
      <subfield code="c">18 cm.</subfield>
    </datafield>
    <datafield ind1=" " ind2=" " tag="336">
      <subfield code="a">text</subfield>
      <subfield code="b">txt</subfield>
      <subfield code="2">rdacontent</subfield>
    </datafield>
    <datafield ind1=" " ind2=" " tag="337">
      <subfield code="a">unmediated</subfield>
      <subfield code="b">n</subfield>
      <subfield code="2">rdamedia</subfield>
    </datafield>
    <datafield ind1=" " ind2=" " tag="338">
      <subfield code="a">volume</subfield>
      <subfield code="b">nc</subfield>
      <subfield code="2">rdacarrier</subfield>
    </datafield>
    <datafield ind1=" " ind2=" " tag="590">
      <subfield code="a">Manuscript, Archives, and Rare Book Library copy has autograph: E.H. Hunter; from the collection of Charles Simpson Butcher.</subfield>
    </datafield>
    <datafield ind1="1" ind2=" " tag="583">
      <subfield code="a">will digitize</subfield>
      <subfield code="c">20140925</subfield>
      <subfield code="2">pda</subfield>
      <subfield code="5">GEU-S</subfield>
      <subfield code="x">public domain</subfield>
    </datafield>
    <datafield ind1="0" ind2="0" tag="630">
      <subfield code="a">Bible.</subfield>
      <subfield code="p">Hosea</subfield>
      <subfield code="x">Criticism, interpretation, etc.</subfield>
    </datafield>
    <datafield ind1=" " ind2="7" tag="655">
      <subfield code="a">African American author.</subfield>
      <subfield code="2">local</subfield>
      <subfield code="5">GEU</subfield>
    </datafield>
    <datafield ind1=" " ind2="7" tag="655">
      <subfield code="a">African American publisher.</subfield>
      <subfield code="2">local</subfield>
      <subfield code="5">GEU</subfield>
    </datafield>
    <datafield ind1="1" ind2=" " tag="700">
      <subfield code="a">Kealing, H. T.</subfield>
      <subfield code="q">(Hightower Theodore),</subfield>
      <subfield code="d">1860-1918,</subfield>
      <subfield code="e">publisher.</subfield>
    </datafield>
    <datafield ind1="2" ind2=" " tag="710">
      <subfield code="a">A.M.E. Book Concern,</subfield>
      <subfield code="e">printer.</subfield>
    </datafield>
    <datafield ind1="1" ind2=" " tag="700">
      <subfield code="a">Hunter, Edward Hughes,</subfield>
      <subfield code="d">1865-</subfield>
      <subfield code="e">former owner.</subfield>
      <subfield code="5">GEU</subfield>
    </datafield>
    <datafield ind1="1" ind2=" " tag="700">
      <subfield code="a">Butcher, Charles Simpson,</subfield>
      <subfield code="e">collector.</subfield>
      <subfield code="5">GEU</subfield>
    </datafield>
    <datafield ind1=" " ind2=" " tag="910">
      <subfield code="a">RDA ENRICHED</subfield>
    </datafield>
    <datafield ind1=" " ind2=" " tag="910">
      <subfield code="a">MARS</subfield>
    </datafield>
    <datafield ind1=" " ind2=" " tag="945">
      <subfield code="a">EMU</subfield>
      <subfield code="b">dmf</subfield>
      <subfield code="2">20120529</subfield>
    </datafield>
    <datafield ind1=" " ind2=" " tag="994">
      <subfield code="a">C0</subfield>
      <subfield code="b">AJ#</subfield>
    </datafield>
    <datafield ind1=" " ind2=" " tag="999">
      <subfield code="a">2012 1111</subfield>
      <subfield code="b">available</subfield>
      <subfield code="d"/>
      <subfield code="f">0</subfield>
      <subfield code="i">010002588586</subfield>
      <subfield code="j"/>
      <subfield code="l">Book Stacks</subfield>
      <subfield code="m">Manuscript, Archives, &amp; Rare Book Library (MARBL)</subfield>
      <subfield code="t">Book</subfield>
      <subfield code="u">20120529</subfield>
      <subfield code="w">OTHER</subfield>
    </datafield>
  </record>
</collection>
